@misc{ wiki:InsVue,
	author = "Wikipedia",
	title = "Instrumentos de vuelo - Wikipedia{,} La enciclopedia libre",
	year = "2017",
	url = "https://es.wikipedia.org/w/index.php?title=Instrumentos_de_vuelo&oldid=101533043",
	note = "[Internet; descargado
	27-agosto-2017
	]"
}

@misc{ wiki:HUD,
	author = "Wikipedia",
	title = "HUD (informática) --- Wikipedia{,} La enciclopedia libre",
	year = "2017",
	url = "https://es.wikipedia.org/w/index.php?title=HUD_(inform\%C3\%A1tica)&oldid=102629555",
	note = "[Internet; descargado 4-marzo-2018]"
}

@misc{ mavlink,
	author = " Lorenz Meier ",
	title = "MAVLink MICRO AIR VEHICLE COMMUNICATION PROTOCOL",
	year = "2017",
	url = "https://mavlink.io/en/",
	note = "[Internet; descargado 4-marzo-2018]"
}

@book{sommer,
	author = {Sommerville Ian},
	title = {Ingenieria del software},
	year = {2005},
	publisher = {Pearson Educacion},
}

@book{aeronautica,
	author = {Jorge Garcia de la Cuesta},
	title = {Aviation Terminology = Terminología Aeronautica},
	year = {2003},
	publisher = {Diaz de los Santos},
}



@article{pressman88is,
	title={Ingenier{\'\i}a del software},
	author={Pressman, Roger S and Troya, Jose Maria},
	year={1988},
	publisher={McGraw Hill}
}

@inproceedings{guide2004guide,
	title={A guide to the project management body of knowledge},
	author={Guide, PMBOK},
	booktitle={Project Management Institute},
	volume={3},
	year={2004}
}

@book{valavanis2008unmanned,
	title={Unmanned Aircraft Systems: International Symposium on Unmanned Aerial Vehicles, UAV 08},
	author={Valavanis, Kimon P and Oh, Paul and Piegl, Les A},
	year={2008},
	publisher={Springer Science \& Business Media}
}
@book{valavanis2008advances,
	title={Advances in unmanned aerial vehicles: state of the art and the road to autonomy},
	author={Valavanis, Kimon P},
	volume={33},
	year={2008},
	publisher={Springer Science \& Business Media}
}
@inproceedings{doherty2007uav,
	title={A UAV search and rescue scenario with human body detection and geolocalization},
	author={Doherty, Patrick and Rudol, Piotr},
	booktitle={Australasian Joint Conference on Artificial Intelligence},
	pages={1--13},
	year={2007},
	organization={Springer}
}
@inproceedings{jones2005power,
	title={Power line inspection-a UAV concept},
	author={Jones, Dewi},
	booktitle={Autonomous Systems, 2005. The IEE Forum on (Ref. No. 2005/11271)},
	pages={8--pp},
	year={2005},
	organization={IET}
}
@article{zhang2012application,
	title={The application of small unmanned aerial systems for precision agriculture: a review},
	author={Zhang, Chunhua and Kovacs, John M},
	journal={Precision agriculture},
	volume={13},
	number={6},
	pages={693--712},
	year={2012},
	publisher={Springer}
}
@incollection{adams2013high,
	title={High resolution imagery collection utilizing unmanned aerial vehicles (UAVs) for post-disaster studies},
	author={Adams, Stuart M and Levitan, Marc L and Friedland, Carol J},
	booktitle={Advances in Hurricane Engineering: Learning from Our Past},
	pages={777--793},
	year={2013}
}

@article{maza2011experimental,
	title={Experimental results in multi-UAV coordination for disaster management and civil security applications},
	author={Maza, Iv{\'a}n and Caballero, Fernando and Capit{\'a}n, Jes{\'u}s and Mart{\'\i}nez-de-Dios, Jos{\'e} Ramiro and Ollero, An{\'\i}bal},
	journal={Journal of intelligent \& robotic systems},
	volume={61},
	number={1-4},
	pages={563--585},
	year={2011},
	publisher={Springer}
}

@article{ollero2006unmanned,
	title={Unmanned aerial vehicles as tools for forest-fire fighting},
	author={Ollero, Anibal and Merino, L},
	journal={Forest Ecology and Management},
	volume={234},
	number={1},
	pages={S263},
	year={2006},
	publisher={[Amsterdam: Elsevier Scientific Pub. Co.], 1976-}
}